<record><leader>00000cas a22000007a 4500</leader><controlfield tag="001">13640299</controlfield><controlfield tag="008">860523d197u1973njuwr ne      0    0eng d</controlfield><datafield ind1=" " ind2=" " tag="010"><subfield code="a">sn 86077167 </subfield></datafield><datafield ind1=" " ind2=" " tag="040"><subfield code="a">NPA</subfield><subfield code="b">eng</subfield><subfield code="c">NPA</subfield><subfield code="d">OCLCQ</subfield></datafield><datafield ind1=" " ind2=" " tag="042"><subfield code="a">msc</subfield></datafield><datafield ind1="0" ind2="0" tag="245"><subfield code="a">Sentinel spokesman.</subfield></datafield><datafield ind1="1" ind2="3" tag="246"><subfield code="a">Spokesman sentinel</subfield></datafield><datafield ind1=" " ind2=" " tag="260"><subfield code="a">East Brunswick, N.J. :</subfield><subfield code="b">Sentinel Pub. Co.,</subfield><subfield code="c">-1973.</subfield></datafield><datafield ind1=" " ind2=" " tag="300"><subfield code="a">v. :</subfield><subfield code="b">ill.</subfield></datafield><datafield ind1=" " ind2=" " tag="310"><subfield code="a">Weekly</subfield></datafield><datafield ind1="0" ind2=" " tag="362"><subfield code="a">-v. 54, [no.] 8 (Feb. 21, 1973).</subfield></datafield><datafield ind1=" " ind2=" " tag="500"><subfield code="a">"Now serving Middlesex County's growth communities - South River, East Brunswick, Spotswood, Jamesburg, North Brunswick, Milltown."</subfield></datafield><datafield ind1=" " ind2=" " tag="530"><subfield code="a">Also issued on microfilm by Norton Micro Images.</subfield></datafield><datafield ind1=" " ind2=" " tag="588"><subfield code="a">Description based on: Vol. 53, [no.] 1 (Jan. 5, 1972).</subfield></datafield><datafield ind1=" " ind2=" " tag="752"><subfield code="a">United States</subfield><subfield code="b">New Jersey</subfield><subfield code="c">Middlesex</subfield><subfield code="d">East Brunswick.</subfield></datafield><datafield ind1=" " ind2=" " tag="752"><subfield code="a">United States</subfield><subfield code="b">New Jersey</subfield><subfield code="c">Middlesex</subfield><subfield code="d">South River.</subfield></datafield><datafield ind1=" " ind2=" " tag="752"><subfield code="a">United States</subfield><subfield code="b">New Jersey</subfield><subfield code="c">Middlesex</subfield><subfield code="d">Spotswood.</subfield></datafield><datafield ind1=" " ind2=" " tag="752"><subfield code="a">United States</subfield><subfield code="b">New Jersey</subfield><subfield code="c">Middlesex</subfield><subfield code="d">Jamesburg.</subfield></datafield><datafield ind1=" " ind2=" " tag="752"><subfield code="a">United States</subfield><subfield code="b">New Jersey</subfield><subfield code="c">Middlesex</subfield><subfield code="d">North Brunswick.</subfield></datafield><datafield ind1=" " ind2=" " tag="752"><subfield code="a">United States</subfield><subfield code="b">New Jersey</subfield><subfield code="c">Middlesex</subfield><subfield code="d">Milltown.</subfield></datafield><datafield ind1="0" ind2="0" tag="785"><subfield code="t">Sentinel (East Brunswick, N.J. : 1973)</subfield><subfield code="w">(DLC)sn 79008620</subfield></datafield></record>